@book{principles,
   title = {Principles of imaging spectroscopy, slide collection},
   author = {A. Brosinsky, T. Kuester, S. Foerster, H. Kaufmann, K. Segl, L. Guanter},
   year = {2019},
   publisher = {PEnMAP education initiative},
} 



@book{sensortech,
   title = {Imaging spectroscopy sensor technologies, slide collection},
   author = {A.Brosinsky , M. Brell , S. Livens, K. Segl , T. Kuester, H. Kaufmann, L. Guanter, S.
Foerster},
   year = {2021},
   publisher = {PEnMAP education initiative},
} 


@misc{plantstress,
   author = {{Contributors to Wikimedia projects}},
   title = {{Starr-120504-5544-Kanaloa kahoolawensis-leaves showing stress-nursery-Maui - Wikimedia Commons}},
   year = {2012},
   month = may,
   note = {[Online; accessed 7. Mar. 2023]},
   url = {https://commons.wikimedia.org/wiki/File:Starr-120504-5544-Kanaloa_kahoolawensis-leaves_showing_stress-nursery-Maui_(24511549154).jpg#filelinks}
},

@misc{clouds,
   author = {{Contributors to Wikimedia projects}},
   title = {{ISS-40 Thunderheads near Borneo - Wikimedia Commons}},
   year = {2014},
   month = aug,
   note = {[Online; accessed 7. Mar. 2023]},
   url = {https://commons.wikimedia.org/wiki/File:ISS-40_Thunderheads_near_Borneo.jpg}
},

@misc{enmapplan,
   author = {{Chabrillat, S.; Guanter, L.; Kaufmann, H.; Foerster, S.}},
   title = {{EnMAP Science Plan }},
   year = {2022},
   month = oct,
   note = {[Online; accessed 7. Mar. 2023]},
   url = {https://www.enmap.org/data/doc/Science_Plan_EnMAP_2022_final.pdf}
},

@misc{rocket,
   author = {{Contributors to Wikimedia projects}},
   title = {{SpaceX Falcon 9 rocket and Crew Dragon spacecraft lifts off from Launch Complex 39A - Wikimedia Commons}},
   year = {2020},
   month = may,
   note = {[Online; accessed 7. Mar. 2023]},
   url = {https://commons.wikimedia.org/wiki/File:SpaceX_Falcon_9_rocket_and_Crew_Dragon_spacecraft_lifts_off_from_Launch_Complex_39A.jpg}
},

@misc{cubes,
   author = {{Contributors to Wikimedia projects}},
   title = {{ISS-38 Nanosatellites deployment (a) - Wikimedia Commons}},
   year = {2013},
   month = nov,
   note = {[Online; accessed 7. Mar. 2023]},
   url = {https://commons.wikimedia.org/wiki/File:ISS-38_Nanosatellites_deployment_(a).jpg}
},

