@misc{Covariance,
	author = {{Contributors to Wikimedia projects}},
	title = {{Covariance - Wikipedia}},
	year = {2022},
	month = nov,
	note = {[Online; accessed 7. Dec. 2022]},
	url = {https://en.wikipedia.org/wiki/Covariance}
},

@book{cgbook,
   author = {Edward Angel, David Shreiner},
   year = 2022,
   title = {Interactive computer graphics: a top-down approach with shader-based OpenGL},
   publisher = {Pearson - Addison-Wesley},
   page = {564}, 

@misc{bworld,
  author = {Ingo LÃ¼tkebohle},
  title = {{BWorld Robot Control Software}},
  note={\url{http://my.url.com/}},
  year = {2008}, 
  note = "[Online; accessed 19-July-2008]"
}},

@misc{Shirley,
   title = {Ray Tracing in One Weekend},
   author = {Peter Shirley},
   year = {2020},
   month = {December},
   note = {\small \texttt{https://raytracing.github.io}},
}  


